@article{castellana2017,
  title={Hi havia una vegada un punt fix...},
  author={Castellana, Nat{\`a}lia},
  journal={Butllet{\'\i} de la Societat Catalana de Matem{\`a}tiques},
  pages={99--120},
  year={2017}
}

@article {kuhn1960,
    AUTHOR = {Kuhn, H. W.},
     TITLE = {Some combinatorial lemmas in topology},
   JOURNAL = {IBM J. Res. Develop.},
  FJOURNAL = {International Business Machines Corporation. Journal of
              Research and Development},
    VOLUME = {4},
      YEAR = {1960},
     PAGES = {508--524},
      ISSN = {0018-8646},
   MRCLASS = {54.85},
  MRNUMBER = {124038},
MRREVIEWER = {G. S. Young},
       DOI = {10.1147/rd.45.0518},
       URL = {https://doi.org/10.1147/rd.45.0518},
}